@article{Abrevaya2012,
	author       = {Abrevaya, Jason and Hamermesh, Daniel S},
	title        = {Charity and favoritism in the field: are female economists nicer (to each other)?},
	year         = 2012,
	journal      = {Review of Economics and Statistics},
	volume       = 94,
	number       = 1,
	pages        = {202--207},
	doi          = {10.1162/REST_a_00163}
}
@inproceedings{Alkhurayyif2017,
	author       = {Alkhurayyif, Yazeed and Weir, George R S},
	title        = {Readability as a basis for information security policy assessment},
	year         = 2017,
	booktitle    = {Seventh International Conference on Emerging Security Technologies},
	address      = {Canterbury},
	pages        = {114--121},
	doi          = {10.1109/EST2017.8090409}
}
@article{Ardoin2005,
	author       = {Ardoin, Scott P and Suldo, Shannon M and Witt, Joseph and Aldrich, Seth and McDonald, Erin},
	title        = {Accuracy of readability estimates' predictions of CBM performance},
	year         = 2005,
	journal      = {School Psychology Quarterly},
	volume       = 20,
	number       = 1,
	pages        = {1--22},
	doi          = {10.1521/scpq.20.1.1.64193}
}
@article{Arellano1991,
	author       = {Arellano, Manuel and Bond, Stephen},
	title        = {Some tests of specification for panel data: Monte Carlo evidence and an application to employment equations},
	year         = 1991,
	journal      = {Review of Economic Studies},
	volume       = 58,
	number       = 2,
	pages        = {277--297},
	doi          = {10.2307/2297968}
}
@article{Arellano1995,
	author       = {Arellano, Manuel and Bover, Olympia},
	title        = {Another look at the instrumental variable estimation of error-components models},
	year         = 1995,
	journal      = {Journal of Econometrics},
	volume       = 68,
	number       = 1,
	pages        = {29--51},
	doi          = {10.1016/0304-4076(94)01642-D}
}
@incollection{Armbruster1984,
	author       = {Armbruster, Bonnie B},
	title        = {The problem of inconsiderate text},
	year         = 1984,
	booktitle    = {Comprehension Instruction: Perspectives and Suggestions},
	publisher    = {Longman},
	address      = {New York, New York},
	pages        = {202--217},
	editor       = {Duffy, Gerald G and Roehler, Laura R and Mason, Jane}
}
@article{Benoit2017,
	author       = {Benoit, Kenneth and Munger, Kevin and Spirling, Arthur},
	title        = {Measuring and explaining political sophistication through textual complexity},
	year         = 2019,
	journal      = {American Journal of Political Science},
	volume       = 63,
	number       = 2,
	pages        = {491--508},
	doi          = {10.1111/ajps.12423}
}
@unpublished{Benson2021,
	author       = {Benson, Alan and Li, Danielle and Shue, Kelly},
	title        = {`Potential' and the gender promotion gap},
	year         = 2021,
	url          = {https://conference.nber.org/conf{\_}papers/f157211.pdf},
	howpublished = {Mimeo}
}
@unpublished{Berninger2017,
	author       = {Berninger, Marc and Gaar, Eduard and Kiesel, Florian and Schiereck, Dirk},
	title        = {Confused but convinced: article complexity and the number of citations},
	year         = 2017,
	doi          = {10.2139/ssrn.3024694},
	url          = {http://www.fmaconferences.org/Norway/Papers/BGKS{\_}Confuse{\_}convinced{\_}complexity.pdf https://www.ssrn.com/abstract=3024694},
	howpublished = {Mimeo}
}
@article{Biddle2009,
	author       = {Biddle, Gary C and Hilary, Gilles and Verdi, Rodrigo S},
	title        = {How does financial reporting quality relate to investment efficiency?},
	year         = 2009,
	journal      = {Journal of Accounting and Economics},
	volume       = 48,
	number       = {2-3},
	pages        = {112--131},
	doi          = {10.1016/j.jacceco.2009.09.001}
}
@article{Blank1991,
	author       = {Blank, Rebecca M},
	title        = {The effects of double-blind versus single-blind reviewing: experimental evidence from the \textit{American Economic Review}},
	year         = 1991,
	journal      = {American Economic Review},
	volume       = 81,
	number       = 5,
	pages        = {1041--1067},
	type         = {journal article}
}
@article{Blundell1998,
	author       = {Blundell, Richard and Bond, Stephen},
	title        = {Initial conditions and moment restrictions in dynamic panel data models},
	year         = 1998,
	journal      = {Journal of Econometrics},
	volume       = 87,
	number       = 1,
	pages        = {115--143},
	doi          = {10.1016/S0304-4076(98)00009-8}
}
@article{Boring2017,
	author       = {Boring, Anne},
	title        = {Gender biases in student evaluations of teaching},
	year         = 2017,
	journal      = {Journal of Public Economics},
	volume       = 145,
	number       = {Supplement C},
	pages        = {27--41},
	doi          = {10.1016/j.jpubeco.2016.11.006}
}
@article{Bormuth1966,
	author       = {Bormuth, John R},
	title        = {Readability: a new approach},
	year         = 1966,
	journal      = {Reading Research Quarterly},
	volume       = 1,
	number       = 3,
	pages        = {79--132},
	doi          = {10.2307/747021}
}
@article{Borsuk2009,
	author       = {Borsuk, Robyn M and Aarssen, Lonnie W and Budden, Amber E and Koricheva, Julia and Leimu, Roosa and Tregenza, Tom and Lortie, Christopher J},
	title        = {To name or not to name: the effect of changing author gender on peer review},
	year         = 2009,
	journal      = {BioScience},
	volume       = 59,
	number       = 11,
	pages        = {985--989},
	doi          = {10.1525/bio.2009.59.11.10}
}
@article{Brown1998,
	author       = {Brown, James Dean},
	title        = {An EFL readability index},
	year         = 1998,
	journal      = {JALT Journal},
	volume       = 20,
	number       = 2,
	pages        = {7--36}
}
@article{Card2020,
	author       = {Card, David and DellaVigna, Stefano and Funk, Patricia and Iriberri, Nagore},
	title        = {Are referees and editors in economics gender neutral?},
	year         = 2020,
	journal      = {Quarterly Journal of Economics},
	volume       = 135,
	number       = 1,
	pages        = {269--327}
}
@techreport{Carver1974,
	author       = {Carver, Ronald P},
	title        = {Improving reading comprehension},
	year         = 1974,
	address      = {Washington, DC},
	institution  = {American Institutes for Research in the Behavioral Sciences}
}
@techreport{Caylor1973,
	author       = {Caylor, John S and Sticht, Thomas G and Fox, Lynn C and Ford, J Patrick},
	title        = {Methodologies for determining reading requirements of military occupational specialties},
	year         = 1973,
	address      = {Alexandria, Virginia},
	institution  = {Human Resources Research Organization}
}
@article{Ceci2014,
	author       = {Ceci, Stephen J and Ginther, Donna K and Kahn, Shulamit and Williams, Wendy M},
	title        = {Women in academic science: a changing landscape},
	year         = 2014,
	journal      = {Psychological Science in the Public Interest},
	volume       = 15,
	number       = 3,
	pages        = {75--141},
	doi          = {10.1177/1529100614541236}
}
@techreport{Chall1977,
	author       = {Jeanne S Chall and Sue S Conard and Susan H Harris},
	title        = {An analysis of textbooks in relation to declining sat scores},
	year         = 1977,
	publisher    = {The College Board},
	address      = {Princeton, New Jersey},
	note         = {Prepared for the Advisory Panel on the Scholastic Aptitude Test Score Decline}
}
@incollection{Chall1983,
	author       = {Chall, Jeanne S and Freeman, Ann and Levy, Benjamin},
	title        = {Minimum competency testing of reading: an analysis of eight tests designed for grade 11},
	year         = 1983,
	booktitle    = {The Courts, Validity, and Minimum Competency Testing},
	publisher    = {Kluwer-Nijhoff},
	address      = {Boston, Massachussetts},
	pages        = {197--208},
	doi          = {10.1007/978-94-017-5364-7_10},
	chapter      = 10,
	editor       = {Madaus, George F}
}
@book{Chall1995,
	author       = {Chall, Jeanne Sternlicht and Dale, Edgar},
	title        = {Readability revisited: the new Dale-Chall Readability Formula},
	year         = 1995,
	publisher    = {Brookline Books},
	address      = {Cambridge, Massachusetts}
}
@unpublished{Chari2017,
	author       = {Chari, Anusha and Goldsmith-Pinkham, Paul},
	title        = {Gender representation in economics across topics and time: evidence from the NBER Summer Institute},
	year         = 2017,
	doi          = {10.3386/w23953},
	url          = {http://www.nber.org/papers/w23953},
	howpublished = {NBER Working Paper Series, No. 23953}
}
@article{Clauson2010,
	author       = {Clauson, Kevin A and Zeng-Treitler, Qing and Kandula, Sasikiran},
	title        = {Readability of patient and health care professional targeted dietary supplement leaflets used for diabetes and chronic fatigue syndrome},
	year         = 2010,
	journal      = {Journal of Alternative and Complementary Medicine},
	volume       = 16,
	number       = 1,
	pages        = {119--124},
	doi          = {10.1089/acm.2008.0611}
}
@article{Coleman1964,
	author       = {Coleman, E B},
	title        = {The comprehensibility of several grammatical transformations},
	year         = 1964,
	journal      = {Journal of Applied Psychology},
	volume       = 48,
	number       = 3,
	pages        = {186--190},
	doi          = {10.1037/h0040440}
}
@article{Coleman1965,
	author       = {Coleman, E B},
	title        = {Learning of prose written in four grammatical transformations},
	year         = 1965,
	journal      = {Journal of Applied Psychology},
	volume       = 49,
	number       = 5,
	pages        = {332--341},
	doi          = {10.1037/h0022472}
}
@article{Compton2004,
	author       = {Compton, Donald L and Appleton, Amanda C and Hosp, Michelle K},
	title        = {Exploring the relationship between text-leveling systems and reading accuracy and fluency in second-grade students who are average and poor decoders},
	year         = 2004,
	journal      = {Learning Disabilities Research and Practice},
	volume       = 19,
	number       = 3,
	pages        = {176--184},
	doi          = {10.1111/j.1540-5826.2004.00102.x}
}
@article{Correll2016,
	author       = {Correll, Shelley and Simard, Caroline},
	title        = {Vague feedback is holding women back},
	year         = 2016,
	journal      = {Harvard Business Review},
	address      = {Cambridge, Massachusetts},
	url          = {https://hbr.org/2016/04/research-vague-feedback-is-holding-women-back},
	note         = {\url{https://hbr.org/2016/04/research-vague-feedback-is-holding-women-back} (last accessed: 4 October 2016)}
}
@article{Costa2001,
	author       = {Costa, Paul T and Terracciano, Antonio and McCrae, Robert R},
	title        = {Gender differences in personality traits across cultures: robust and surprising findings},
	year         = 2001,
	journal      = {Journal of Personality and Social Psychology},
	volume       = 81,
	number       = 2,
	pages        = {322--331},
	doi          = {10.1037/0022-3514.81.2.322}
}
@misc{Cox2007,
	author       = {Christopher Cox},
	title        = {Closing remarks to the second annual corporate governance summit},
	year         = 2007,
	url          = {https://www.sec.gov/news/speech/2007/spch032307.cc.htm},
	note         = {Delivered at USC Marshall School of Business, Los Angeles, California, 23 March}
}
@article{Crossley2008,
	author       = {Crossley, Scott A and Greenfield, Jerry and McNamara, Danielle S},
	title        = {Assessing text readability using cognitively based indices},
	year         = 2008,
	journal      = {TESOL Quarterly},
	volume       = 42,
	number       = 3,
	pages        = {475--493},
	doi          = {10.1002/j.1545-7249.2008.tb00142.x}
}
@article{Crossley2017,
	author       = {Crossley, Scott A and Skalicky, Stephen and Dascalu, Mihai and McNamara, Danielle S and Kyle, Kristopher},
	title        = {Predicting text comprehension, processing, and familiarity in adult readers: new approaches to readability formulas},
	year         = 2017,
	journal      = {Discourse Processes},
	volume       = 54,
	number       = {5-6},
	pages        = {340--359},
	doi          = {10.1080/0163853X.2017.1296264}
}
@article{Cunningham2018,
	author       = {Cunningham, James W and Hiebert, Elfrieda H and Mesmer, Heidi Anne},
	title        = {Investigating the validity of two widely used quantitative text tools},
	year         = 2018,
	journal      = {Reading and Writing},
	volume       = 31,
	number       = 4,
	pages        = {813--833},
	doi          = {10.1007/s11145-017-9815-4}
}
@article{Dale1934,
	author       = {Dale, Edgar and Tyler, Ralph W},
	title        = {A study of the factors influencing the difficulty of reading materials for adults of limited reading ability},
	year         = 1934,
	journal      = {Library Quarterly: Information, Community, Policy},
	volume       = 4,
	number       = 3,
	pages        = {384--412}
}
@article{Dale1948,
	author       = {Dale, Edgar and Chall, Jeanne Sternlicht},
	title        = {A formula for predicting readability},
	year         = 1948,
	journal      = {Educational Research Bulletin},
	volume       = 27,
	number       = 1,
	pages        = {11--20}
}
@article{DeFranco2015,
	author       = {{De Franco}, Gus and Hope, Ole Kristian and Vyas, Dushyantkumar and Zhou, Yibin},
	title        = {Analyst report readability},
	year         = 2015,
	journal      = {Contemporary Accounting Research},
	volume       = 32,
	number       = 1,
	pages        = {76--104},
	doi          = {10.1111/1911-3846.12062}
}
@article{Dion2018,
	author       = {Dion, Michelle L and Sumner, Jane Lawrence and Mitchell, Sara Mc Laughlin},
	title        = {Gendered citation patterns across political science and social science methodology fields},
	year         = 2018,
	journal      = {Political Analysis},
	volume       = 26,
	number       = 3,
	pages        = {312--327},
	doi          = {10.1017/pan.2018.12}
}
@article{Dowling2018,
	author       = {Dowling, Michael and Hammami, Helmi and Zreik, Ousayna},
	title        = {Easy to read, easy to cite?},
	year         = 2018,
	journal      = {Economics Letters},
	volume       = 173,
	pages        = {100--103},
	doi          = {10.1016/j.econlet.2018.09.023}
}
@book{DuBay2004,
	author       = {DuBay, William H},
	title        = {The Principles of Readability},
	year         = 2004,
	publisher    = {Impact Information},
	address      = {Costa Mesa, California},
	url          = {http://www.impact-information.com/impactinfo/readability02.pdf}
}
@unpublished{Dupas2021,
	author       = {Dupas, Pascaline and Modestino, Alicia Sasser and Niederle, Muriel and Wolfers, Justin and {The Seminar Dynamics Collective}},
	title        = {Gender and the dynamics of economics seminars},
	year         = 2021,
	url          = {http://www.nber.org/papers/w28494},
	howpublished = {NBER Working Paper Series, No. 28494}
}
@misc{EconLit2022,
	author       = {{American Economic Association}},
	title        = {EconLit [database]},
	year         = 2022,
	publisher    = {{American Economic Association}},
	address      = {Nashville, Tennessee},
	url          = {https://www.aeaweb.org/econlit/},
	note         = {\url{ https://www.aeaweb.org/econlit/} (last accessed January 2019)}
}
@article{Enke2018,
	author       = {Enke, Benjamin},
	title        = {Moral values and voting: Trump and beyond},
	year         = 2020,
	journal      = {Journal of Political Economy},
	volume       = 128,
	number       = 10,
	pages        = {3679--3729},
	doi          = {10.1086/708857}
}
@article{Entin1978,
	author       = {Entin, Eileen B and Klare, George R},
	title        = {Some inter-relationships of readability, cloze and multiple choice scores on a reading comprehension test},
	year         = 1978,
	journal      = {Journal of Literacy Research},
	volume       = 10,
	number       = 4,
	pages        = {417--436},
	doi          = {10.1080/10862967809547294}
}
@article{Fass1978,
	author       = {Fass, Warren and Schumacher, Gary M},
	title        = {Effects of motivation, subject activity, and readability on the retention of prose materials},
	year         = 1978,
	journal      = {Journal of Educational Psychology},
	volume       = 70,
	number       = 5,
	pages        = {803--807},
	doi          = {10.1037/0022-0663.70.5.803}
}
@article{Feingold1994,
	author       = {Feingold, Alan},
	title        = {Gender differences in personality: a meta-analysis},
	year         = 1994,
	journal      = {Psychological Bulletin},
	volume       = 116,
	number       = 3,
	pages        = {429--456},
	doi          = {10.1037/0033-2909.116.3.429}
}
@article{Ferber1986,
	author       = {Ferber, Marianne A},
	title        = {Citations: are they an objective measure of scholarly merit?},
	year         = 1986,
	journal      = {Signs: Journal of Women in Culture and Society},
	volume       = 11,
	number       = 2,
	pages        = {381--389},
	doi          = {10.1086/494230}
}
@article{Ferber1988,
	author       = {Ferber, Marianne A},
	title        = {Citations and networking},
	year         = 1988,
	journal      = {Gender and Society},
	volume       = 2,
	number       = 1,
	pages        = {82--89}
}
@article{Flesch1948,
	author       = {Flesch, Rudolph},
	title        = {A new readability yardstick},
	year         = 1948,
	journal      = {Journal of Applied Psychology},
	volume       = 32,
	number       = 3,
	pages        = {221--233},
	doi          = {10.1037/h0057532}
}
@article{Foster2002,
	author       = {Foster, David R and Rhoney, Denise H},
	title        = {Readability of printed patient information for epileptic patients},
	year         = 2002,
	journal      = {Annals of Pharmacotherapy},
	volume       = 36,
	number       = 12,
	pages        = {1856--1861},
	doi          = {10.1345/aph.1C098}
}
@techreport{Froese1971,
	author       = {Froese, Victor},
	title        = {Cloze readability versus the Dale-Chall formula},
	year         = 1971,
	address      = {Winnipeg, Manitoba},
	institution  = {University of Manitoba}
}
@article{Fulcher1997,
	author       = {Fulcher, Glenn},
	title        = {Text difficulty and accessibility: reading formulae and expert judgement},
	year         = 1997,
	journal      = {System},
	volume       = 25,
	number       = 4,
	pages        = {497--513},
	doi          = {10.1016/S0346-251X(97)00048-1}
}
@article{Gilbert1994,
	author       = {Gilbert, Julie R and Williams, Elaine S and Lundberg, George D},
	title        = {Is there gender bias in \textit{JAMA}'s peer review process?},
	year         = 1994,
	journal      = {Journal of the American Medical Association},
	volume       = 272,
	number       = 2,
	pages        = {139--142},
	doi          = {10.1001/jama.1994.03520020065018}
}
@book{Gray1935,
	author       = {Gray, W W and Leary, Bernice E},
	title        = {What Makes a Book Readable},
	year         = 1935,
	publisher    = {University of Chicago Press},
	address      = {Chicago, Illinois}
}
@phdthesis{Greenfield1999,
	author       = {Greenfield, Jerry},
	title        = {Classic readability formulas in an EFL context: are they valid for Japanese speakers?},
	year         = 1999,
	school       = {Temple University}
}
@article{Greenfield2004,
	author       = {Greenfield, Jerry},
	title        = {Readability formulas for EFL},
	year         = 2004,
	journal      = {JALT Journal},
	volume       = 26,
	number       = 1,
	pages        = {5--24}
}
@article{Grossbard2018,
	author       = {Grossbard, Shoshana and Yilmazer, Tansel and Zhang, Lingrui},
	title        = {The gender gap in citations of articles published in two demographic economics journals},
	year         = 2021,
	journal      = {Review of Economics of the Household},
	volume       = 19,
	number       = 3,
	pages        = {677--697},
	doi          = {10.1007/s11150-020-09508-9}
}
@inproceedings{Guerini2012,
	author       = {Guerini, Marco and Pepe, Alberto and Lepri, Bruno},
	title        = {Do linguistic style and readability of scientific abstracts affect their virality?},
	year         = 2012,
	booktitle    = {Proceedings of the Sixth International AAAI Conference of Weblogs and Social Media},
	address      = {Dublin},
	pages        = {475--478}
}
@article{Guthrie1972,
	author       = {Guthrie, John T},
	title        = {Learnability versus readability of texts},
	year         = 1972,
	journal      = {Journal of Educational Research},
	volume       = 65,
	number       = 6,
	pages        = {273--280},
	doi          = {10.1080/00220671.1972.10884313}
}
@article{Hamermesh1994,
	author       = {Hamermesh, Daniel S},
	title        = {Facts and myths about refereeing},
	year         = 1994,
	journal      = {Journal of Economic Perspectives},
	volume       = 8,
	number       = 1,
	pages        = {153--163},
	doi          = {10.1257/jep.8.1.153}
}
@article{Handley2015,
	author       = {Handley, Grace and Frantz, Cynthia M and Kocovsky, Patrick M and DeVries, Dennis R and Cooke, Steven J and Claussen, Julie},
	title        = {An examination of gender differences in the American Fisheries Society peer-review process},
	year         = 2015,
	journal      = {Fisheries},
	volume       = 40,
	number       = 9,
	pages        = {442--451},
	doi          = {10.1080/03632415.2015.1059824}
}
@article{Harris1976,
	author       = {Harris, Albert J and Jacobson, Milton D},
	title        = {Predicting twelfth graders' comprehension scores},
	year         = 1976,
	journal      = {Journal of Reading},
	volume       = 20,
	number       = 1,
	pages        = {43--46}
}
@article{Hartley2003b,
	author       = {Hartley, James and Pennebaker, James W and Fox, Claire},
	title        = {Using new technology to assess the academic writing styles of male and female pairs and individuals},
	year         = 2003,
	journal      = {Journal of Technical Writing and Communication},
	volume       = 33,
	number       = 3,
	pages        = {243--261}
}
@article{Harwell1996,
	author       = {Harwell, Michael R and Herrick, Mary Lee and Curtis, Deborah and Mundfrom, Daniel and Gold, Karen},
	title        = {Evaluating statistics texts used in education},
	year         = 1996,
	journal      = {Journal of Educational and Behavioral Statistics},
	volume       = 21,
	number       = 1,
	pages        = {3--34},
	doi          = {10.3102/10769986021001003}
}
@article{Hayes1996,
	author       = {Hayes, Donald P and Wolfer, Loreen T and Wolfe, Michael F},
	title        = {Schoolbook simplification and its relation to the decline in SAT-verbal scores},
	year         = 1996,
	journal      = {American Educational Research Journal},
	volume       = 33,
	number       = 2,
	pages        = {489--508},
	doi          = {10.2307/1163293}
}
@unpublished{Hengel2016,
	author       = {Hengel, Erin},
	title        = {Publishing while female: gender differences in peer review scrutiny},
	year         = 2016,
	howpublished = {Mimeo}
}
@unpublished{Hengel2017,
	author       = {Hengel, Erin},
	title        = {Publishing while female: are women held to higher standards? Evidence from peer review},
	year         = 2017,
	url          = {https://doi.org/10.17863/CAM.17548},
	howpublished = {Cambridge Working Paper Economics: 1753}
}
@phdthesis{Hull1979,
	author       = {Hull, L C},
	title        = {Beyond readability: measuring the difficulty of technical writing},
	year         = 1979,
	school       = {Renesselaer Polytechnic Institute}
}
@inproceedings{Hussin2012,
	author       = {Hussin, Mohamad Fahmi and Ghani, Ishak Abd and Sulaiman, Ahmad Asari and Hassan, Nazurah},
	title        = {The readability of transmission line characteristics lab manual},
	year         = 2012,
	booktitle    = {IEEE Control and System Graduate Research Colloquium},
	address      = {Shah Alam, Selangor},
	pages        = {398--401},
	doi          = {10.1109/ICSGRC.2012.6287199}
}
@article{Janan2014,
	author       = {Janan, Dahlia and Wray, David},
	title        = {Reassessing the accuracy and use of readability formulae},
	year         = 2014,
	journal      = {Malaysian Journal of Learning and Instruction},
	volume       = 11,
	number       = 1,
	pages        = {127--145}
}
@article{Jansen2011,
	author       = {Jansen, David Jan},
	title        = {Does the clarity of central bank communication affect volatility in financial markets? Evidence from Humphrey-Hawkins testimonies},
	year         = 2011,
	journal      = {Contemporary Economic Policy},
	volume       = 29,
	number       = 4,
	pages        = {494--509},
	doi          = {10.1111/j.1465-7287.2010.00238.x}
}
@article{Johnson2002,
	author       = {Johnson, Maria and Helgeson, Vicki S},
	title        = {Sex differences in response to evaluative feedback: a field study},
	year         = 2002,
	journal      = {Psychology of Women Quarterly},
	volume       = 26,
	number       = 3,
	pages        = {242--251},
	doi          = {10.1111/1471-6402.00063}
}
@article{Jongsma1972,
	author       = {Jongsma, Eugene A},
	title        = {The difficulty of children's books: librarians' judgments vs. formula estimates},
	year         = 1972,
	journal      = {Elementary English},
	volume       = 49,
	number       = 1,
	pages        = {20--26}
}
@techreport{Kanouse1981,
	author       = {Kanouse, David E and Berry, Sandra H and Hayes-Roth, Barbara and Rogers, William H and Winkler, John D},
	title        = {Informing patients about drugs: summary report on alternative designs for prescription drug leaflets},
	year         = 1981,
	address      = {Santa Monica, California},
	institution  = {Rand Corporation}
}
@article{Kemper1983,
	author       = {Kemper, Susan},
	title        = {Measuring the inference load of a text},
	year         = 1983,
	journal      = {Journal of Educational Psychology},
	volume       = 75,
	number       = 3,
	pages        = {391--401},
	doi          = {10.1037/0022-0663.75.3.391}
}
@techreport{Kincaid1975,
	author       = {Kincaid, J Peter and Fishburne, Robert P and Rogers, Richard L and Chissom, Brad S},
	title        = {Derivation of new readability formulas (Automated Readability Index, Fog Count and Flesch Reading Ease formula) for Navy enlisted personnel},
	year         = 1975,
	address      = {Memphis, Tennessee},
	doi          = {10.21236/ADA006655},
	url          = {http://www.dtic.mil/docs/citations/ADA006655},
	institution  = {Naval Technical Training Command}
}
@article{King2003,
	author       = {King, Maia M and Winton, Alan S W and Adkins, Angela D},
	title        = {Assessing the readability of mental health internet brochures for children and adolescents},
	year         = 2003,
	journal      = {Journal of Child and Family Studies},
	volume       = 12,
	number       = 1,
	pages        = {91--99}
}
@article{King2006,
	author       = {King, Donald W and Tenopir, Carol and Clarke, Michael},
	title        = {Measuring total reading of journal articles},
	year         = 2006,
	journal      = {D-Lib Magazine},
	volume       = 12,
	number       = 10,
	pages        = {1082----9873}
}
@incollection{Kintsch1984,
	author       = {Kintsch, Walter and Miller, James R},
	title        = {Readability: a view from cognitive psychology},
	year         = 1984,
	booktitle    = {Understanding Reading Comprehension},
	publisher    = {International Reading Association},
	address      = {Newark, Delaware},
	pages        = {220--232},
	editor       = {Flood, James}
}
@article{Klare1952,
	author       = {Klare, George R},
	title        = {Measures of the readability of written communication: an evaluation},
	year         = 1952,
	journal      = {Journal of Educational Psychology},
	volume       = 43,
	number       = 7,
	pages        = {385--399},
	doi          = {10.1037/h0058972}
}
@article{Klare1973,
	author       = {Klare, George R and Smart, Kim L},
	title        = {Analysis of the readability level of selected USAFI instructional materials},
	year         = 1973,
	journal      = {Journal of Educational Research},
	volume       = 67,
	number       = 4,
	pages        = 176
}
@article{Klare1976,
	author       = {Klare, George R},
	title        = {Judging readability},
	year         = 1976,
	journal      = {Instructional Science},
	volume       = 5,
	number       = 1,
	pages        = {55--61},
	doi          = {10.1007/BF00120230}
}
@misc{Kleven2018,
	author       = {Kleven, Henrik Jacobsen},
	title        = {Language trends in public economics},
	year         = 2018,
	url          = {https://www.henrikkleven.com/uploads/3/7/3/1/37310663/languagetrends_slides_kleven.pdf},
	note         = {\url{https://www.henrikkleven.com/uploads/3/7/3/1/37310663/languagetrends_slides_kleven.pdf} (last accessed: 2 December 2018)}
}
@article{Klingbeil1995,
	author       = {Klingbeil, C and Speece, M W and Schubiner, H},
	title        = {Readability of pediatric patient education materials. Current perspectives on an old problem},
	year         = 1995,
	journal      = {Clinical Pediatrics},
	volume       = 34,
	number       = 2,
	pages        = {96--102},
	doi          = {10.1177/000992289503400206}
}
@unpublished{Koffi2021,
	author       = {Koffi, Mar{\`{i}}{\`{e}}ne},
	title        = {Innovative ideas and gender inequality},
	year         = 2021,
	howpublished = {Mimeo}
}
@article{Laband1992,
	author       = {Laband, David N and Taylor, Christopher N},
	title        = {The impact of bad writing in economics},
	year         = 1992,
	journal      = {Economic Inquiry},
	volume       = 30,
	number       = 4,
	pages        = {673--688},
	doi          = {10.1111/j.1465-7295.1992.tb01289.x}
}
@article{Law2010,
	author       = {Law, David S and Zaring, David},
	title        = {Law versus ideology: the Supreme Court and the use of legislative history},
	year         = 2010,
	journal      = {William and Mary Law Review},
	volume       = 51,
	number       = 5,
	pages        = {1653--1747}
}
@article{Lawrence2013,
	author       = {Lawrence, Alastair},
	title        = {Individual investors and financial disclosure},
	year         = 2013,
	journal      = {Journal of Accounting and Economics},
	volume       = 56,
	number       = 1,
	pages        = {130--147},
	doi          = {10.1016/j.jacceco.2013.05.001}
}
@article{Lee1966,
	author       = {Lee, Wayne D and Belden, Bernard R},
	title        = {A cross-validation readability study of general psychology textbook material and the Dale-Chall readability formula},
	year         = 1966,
	journal      = {Journal of Educational Research},
	volume       = 59,
	number       = 8,
	pages        = {369--373},
	doi          = {10.1080/00220671.1966.10883383}
}
@article{Lehavy2011,
	author       = {Lehavy, Reuven and Li, Feng and Merkley, Kenneth},
	title        = {The effect of annual report readability on analyst following and the properties of their earnings forecasts},
	year         = 2011,
	journal      = {Accounting Review},
	volume       = 86,
	number       = 3,
	pages        = {1087--1115},
	doi          = {10.2308/accr.00000043}
}
@article{Lei2016,
	author       = {Lei, Lei and Yan, Sheng},
	title        = {Readability and citations in information science: evidence from abstracts and articles of four journals (2003--2012)},
	year         = 2016,
	journal      = {Scientometrics},
	volume       = 108,
	number       = 3,
	pages        = {1155--1169},
	doi          = {10.1007/s11192-016-2036-9}
}
@article{Lenzner2014,
	author       = {Lenzner, Timo},
	title        = {Are readability formulas valid tools for assessing survey question difficulty?},
	year         = 2014,
	journal      = {Sociological Methods and Research},
	volume       = 43,
	number       = 4,
	pages        = {677--698},
	doi          = {10.1177/0049124113513436}
}
@misc{Leuven2003,
	author       = {Edwin Leuven and Barbara Sianesi},
	title        = {Psmatch2: stata module to perform full Mahalanobis and propensity score matching, common support graphing, and covariate imbalance testing},
	year         = 2003,
	url          = {http://ideas.repec.org/c/boc/bocode/s432001.html},
	note         = {\url{http://ideas.repec.org/c/boc/bocode/s432001.html} (last accessed: 20 March 2018)}
}
@article{Ley1996,
	author       = {Ley, P and Florio, T},
	title        = {The use of readability formulas in health care},
	year         = 1996,
	journal      = {Psychology, Health and Medicine},
	volume       = 1,
	number       = 1,
	pages        = {7--28},
	doi          = {10.1080/13548509608400003}
}
@article{Li2008,
	author       = {Li, Feng},
	title        = {Annual report readability, current earnings, and earnings persistence},
	year         = 2008,
	journal      = {Journal of Accounting and Economics},
	volume       = 45,
	number       = {2-3},
	pages        = {221--247},
	doi          = {10.1016/j.jacceco.2008.02.003}
}
@phdthesis{Liang1983,
	author       = {Liang, Franklin Mark},
	title        = {Word hy-phen-a-tion by com-put-er},
	year         = 1983,
	number       = {August},
	url          = {http://tug.org/docs/liang/liang-thesis.pdf},
	school       = {Stanford University}
}
@article{Lorge1948,
	author       = {Lorge, Irving},
	title        = {The Lorge and Flesch Readability Formulas: a correction},
	year         = 1948,
	journal      = {School {\&} Society},
	volume       = 67,
	pages        = {141--142}
}
@article{Loughran2016,
	author       = {Loughran, Tim and McDonald, Bill},
	title        = {Textual analysis in accounting and finance: a survey},
	year         = 2016,
	journal      = {Journal of Accounting Research},
	volume       = 54,
	number       = 4,
	pages        = {1187--1230},
	doi          = {10.1111/1475-679X.12123}
}
@article{MarinoFages2020,
	author       = {{Marino Fages}, Diego},
	title        = {Write better, publish better},
	year         = 2020,
	journal      = {Scientometrics},
	volume       = 122,
	number       = 3,
	pages        = {1671--1681},
	doi          = {10.1007/s11192-019-03332-4}
}
@article{McCannon2019,
	author       = {McCannon, Bryan C},
	title        = {Readability and research impact},
	year         = 2019,
	journal      = {Economics Letters},
	volume       = 180,
	number       = {July},
	pages        = {76--79},
	doi          = {10.1016/j.econlet.2019.02.017}
}
@article{McGillivray2018a,
	author       = {McGillivray, Barbara and {De Ranieri}, Elisa},
	title        = {Uptake and outcome of manuscripts in \textit{Nature} journals by review model and author characteristics},
	year         = 2018,
	journal      = {Research Integrity and Peer Review},
	volume       = 3,
	number       = 1,
	pages        = 5,
	doi          = {10.1186/s41073-018-0049-z}
}
@article{McLaughlin1969,
	author       = {McLaughlin, G H},
	title        = {SMOG grading: a new readability formula},
	year         = 1969,
	journal      = {Journal of Reading},
	volume       = 12,
	number       = 8,
	pages        = {639--646},
	doi          = {10.1039/b105878a}
}
@article{Meade1989,
	author       = {Meade, C D and Byrd, J C},
	title        = {Patient literacy and the readability of smoking education literature},
	year         = 1989,
	journal      = {American Journal of Public Health},
	volume       = 79,
	number       = 2,
	pages        = {204--206},
	doi          = {10.2105/AJPH.79.2.204}
}
@article{Meade1991,
	author       = {Meade, Cathy D and Smith, Cyrus F},
	title        = {Readability formulas: cautions and criteria},
	year         = 1991,
	journal      = {Patient Education and Counseling},
	volume       = 17,
	number       = 2,
	pages        = {153--158},
	doi          = {10.1016/0738-3991(91)90017-Y}
}
@article{Meyer1982,
	author       = {Meyer, Bonnie J F},
	title        = {Reading research and the composition teacher: the importance of plans},
	year         = 1982,
	journal      = {College Composition and Communication},
	volume       = 33,
	number       = 1,
	pages        = {37--49},
	doi          = {10.2307/357843}
}
@article{Miller1974,
	author       = {Miller, Lawrence R},
	title        = {Predictive powers of the Flesch and Bormuth readability formulas},
	year         = 1974,
	journal      = {International Journal of Business Communication},
	volume       = 11,
	number       = 2,
	pages        = {21--30},
	doi          = {10.1177/002194367401100203}
}
@article{Miller2010,
	author       = {Miller, Brian P},
	title        = {The effects of reporting complexity on small and large investor trading},
	year         = 2010,
	journal      = {Accounting Review},
	volume       = 85,
	number       = 6,
	pages        = {2107--2143},
	doi          = {10.2308/accr.00000001}
}
@unpublished{Moon2020,
	author       = {Hengel, Erin and Moon, Eunyoung},
	title        = {Gender and quality at top economics journals},
	year         = 2020,
	howpublished = {Mimeo}
}
@article{Morris1980,
	author       = {Morris, L A and Myers, A and Thilman, D G},
	title        = {Application of the readability concept to patient-oriented drug information},
	year         = 1980,
	journal      = {American Journal of Health-System Pharmacy},
	volume       = 37,
	number       = 11,
	pages        = {1504--1509}
}
@article{Nature2006,
	author       = {{Nature Neuroscience}},
	title        = {Women in neuroscience: a numbers game},
	year         = 2006,
	journal      = {Nature Neuroscience},
	volume       = 9,
	number       = 7,
	pages        = 853,
	doi          = {10.1038/nn0706-853}
}
@article{Plaven-Sigray2017,
	author       = {Plav{\'{e}}n-Sigray, Pontus and Matheson, Granville James and Schiffler, Bj{\"{o}}rn Christian and Thompson, William Hedley},
	title        = {The readability of scientific texts is decreasing over time},
	year         = 2017,
	journal      = {eLife},
	volume       = 6,
	number       = {e27725},
	pages        = {1--14},
	doi          = {10.7554/eLife.27725}
}
@article{Powell-Smith2001,
	author       = {Powell-Smith, Kelly A and Bradley-Klug, Kathy L},
	title        = {Another look at the `C' in CBM: does it really matter if curriculum-based measurement reading probes are curriculum-based?},
	year         = 2001,
	journal      = {Psychology in the Schools},
	volume       = 38,
	number       = 4,
	pages        = {299--312},
	doi          = {10.1002/pits.1020}
}
@article{Powers1958,
	author       = {Powers, R D and Sumner, W A and Kearl, B E},
	title        = {A recalculation of four readability formulas},
	year         = 1958,
	journal      = {Journal of Educational Psychology},
	volume       = 49,
	number       = 2,
	pages        = {99--105}
}
@misc{Puttmann2017,
	author       = {Lukas Püttmann},
	title        = {VoxEU gobbledygook},
	year         = 2017,
	url          = {http://lukaspuettmann.com/2017/12/09/voxeu-gobbledygook/},
	note         = {\url{http://lukaspuettmann.com/2017/12/09/voxeu-gobbledygook/} (last accessed: 19 May 2018)}
}
@article{Richardson1977,
	author       = {Richardson, John V},
	title        = {Readability and readership of journals in library science},
	year         = 1977,
	journal      = {Journal of Academic Librarianship},
	volume       = 3,
	number       = 1,
	pages        = {20--22}
}
@article{Roberts1989,
	author       = {Roberts, Tomi-Ann and Nolen-Hoeksema, Susan},
	title        = {Sex differences in reactions to evaluative feedback},
	year         = 1989,
	journal      = {Sex Roles},
	volume       = 21,
	number       = {11-12},
	pages        = {725--747},
	doi          = {10.1007/BF00289805}
}
@article{Roodman2009a,
	author       = {Roodman, David},
	title        = {Practitioners' corner: a note on the theme of too many instruments},
	year         = 2009,
	journal      = {Oxford Bulletin of Economics and Statistics},
	volume       = 71,
	number       = 1,
	pages        = {135--158},
	doi          = {10.1111/j.1468-0084.2008.00542.x}
}
@article{Russell1951,
	author       = {Russell, David H and Fea, Henry R},
	title        = {Validity of six readability formulas as measures of juvenile fiction},
	year         = 1951,
	journal      = {Elementary School Journal},
	volume       = 52,
	number       = 3,
	pages        = {136--144},
	doi          = {10.1086/459319}
}
@article{Sawyer2008,
	author       = {Sawyer, Alan G and Laran, Juliano and Xu, Jun},
	title        = {The readability of marketing journals: are award-winning articles better written?},
	year         = 2008,
	journal      = {Journal of Marketing},
	volume       = 72,
	number       = 1,
	pages        = {108--117},
	doi          = {10.1509/jmkg.72.1.108}
}
@article{Schmidt2015,
	author       = {Schmidt, Benjamin},
	title        = {Gender bias exists in professor evaluations},
	year         = 2015,
	journal      = {New York Times},
	address      = {New York City},
	url          = {http://www.nytimes.com/roomfordebate/2015/12/16/is-it-fair-to-rate-professors-online/gender-bias-exists-in-professor-evaluations},
	note         = {\url{http://www.nytimes.com/roomfordebate/2015/12/16/is-it-fair-to-rate-professors-online/gender-bias-exists-in-professor-evaluations} (last accessed: 4 October 2016)}
}
@article{Singer1975,
	author       = {Singer, Harry},
	title        = {The Seer Technique: a non-computational procedure for quickly estimating readability level},
	year         = 1975,
	journal      = {Journal of Reading Behavior},
	volume       = 7,
	number       = 3,
	pages        = {255--267},
	doi          = {10.1080/10862967509547144}
}
@article{Singh2003,
	author       = {Singh, Judy},
	title        = {Reading grade level and readability of printed cancer education materials},
	year         = 2003,
	journal      = {Oncology Nursing Forum},
	volume       = 30,
	number       = 5,
	pages        = {867--870},
	doi          = {10.1188/03.ONF.867-870}
}
@article{Sirico2007,
	author       = {Sirico, Louis J},
	title        = {Readability studies: how technocentrism can compromise research and legal determinations},
	year         = 2007,
	journal      = {Quinnipiac Law Review},
	volume       = 26,
	number       = 1,
	pages        = {147--172}
}
@article{Spirling2016,
	author       = {Spirling, Arthur},
	title        = {Democratization and linguistic complexity: the effect of franchise extension on parliamentary discourse, 1832--1915},
	year         = 2016,
	journal      = {Journal of Politics},
	volume       = 78,
	number       = 1,
	pages        = {120--136},
	doi          = {10.1086/683612}
}
@inproceedings{Stajner2012,
	author       = {{\v{S}}tajner, Sanja and Evans, Richard and Orăsan, Constantin and Mitkov, Ruslan},
	title        = {What can readability measures really tell us about text complexity?},
	year         = 2012,
	booktitle    = {Workshop on Natural Language Processing for Improving Textual Accessibility},
	address      = {Istanbul},
	pages        = {14--21}
}
@inproceedings{Sullivan1976,
	author       = {Sullivan, Rita J},
	title        = {A comparison of results obtained using the cloze procedure with readability levels using the Dale-Chall formula on selected university textbooks},
	year         = 1976,
	booktitle    = {26th Annual Meeting of the National Reading Conference},
	address      = {Atlanta, Georgia}
}
@article{Swanson1948,
	author       = {Swanson, Charles E},
	title        = {Readability and readership: a controlled experiment},
	year         = 1948,
	journal      = {Journalism Bulletin},
	volume       = 25,
	number       = 4,
	pages        = {339--343},
	doi          = {10.1177/107769904802500402}
}
@unpublished{Thörnqvist2015,
	author       = {Th{\"{o}}rnqvist, Tomas},
	title        = {Sophistication, news and individual investor trading},
	year         = 2015,
	number       = 2015,
	howpublished = {Mimeo}
}
@book{Torgler2013,
	author       = {Torgler, Benno and Piatti, Marco},
	title        = {A Century of \textit{American Economic Review}},
	year         = 2013,
	publisher    = {Palgrave Macmillan},
	address      = {New York, New York},
	doi          = {10.1057/9781137333056}
}
@article{Tregenza2002,
	author       = {Tregenza, Tom},
	title        = {Gender bias in the refereeing process?},
	year         = 2002,
	journal      = {Trends in Ecology {\&} Evolution},
	volume       = 17,
	number       = 8,
	pages        = {349--350},
	doi          = {10.1016/S0169-5347(02)02545-4}
}
@inproceedings{vanOosten2010,
	author       = {van Oosten, Philip and Tanghe, Dries and Hoste, V{\'{e}}ronique},
	title        = {Towards an improved methodology for automated readability prediction},
	year         = 2010,
	booktitle    = {Proceedings of the Seventh International Conference on Language Resources and Evaluation},
	address      = {Valletta},
	pages        = {775--782}
}
@article{Wallace2008,
	author       = {Wallace, Lorraine S and Keenum, Amy J and Roskos, Steven E and Blake, Gregory H and Colwell, Strant T and Weiss, Barry D},
	title        = {Suitability and readability of consumer medical information accompanying prescription medication samples},
	year         = 2008,
	journal      = {Patient Education and Counseling},
	volume       = 70,
	number       = 3,
	pages        = {420--425},
	doi          = {10.1016/j.pec.2007.11.017}
}
@article{Weisberg2011,
	author       = {Weisberg, Yanna J and {De Young}, Colin G and Hirsh, Jacob B},
	title        = {Gender differences in personality across the ten aspects of the big five},
	year         = 2011,
	journal      = {Frontiers in Psychology},
	volume       = 2,
	number       = 178,
	doi          = {10.3389/fpsyg.2011.00178}
}
@article{Wells1994,
	author       = {Wells, James A},
	title        = {Readability of HIV/AIDS educational materials: the role of the medium of communication, target audience, and producer characteristics},
	year         = 1994,
	journal      = {Patient Education and Counseling},
	volume       = 24,
	number       = 3,
	pages        = {249--259},
	doi          = {10.1016/0738-3991(94)90068-X}
}
@article{Woods1998,
	author       = {Woods, Barbara and Moscardo, Gianna and Greenwood, Tanya},
	title        = {A critical review of readability and comprehensibility tests},
	year         = 1998,
	journal      = {Journal of Tourism Studies},
	volume       = 9,
	number       = 2,
	pages        = {49--61}
}
@misc{WoS2022,
	author       = {Clarivate},
	title        = {Web of Science [database]},
	year         = 2022,
	publisher    = {Clarivate},
	address      = {London},
	url          = {https://www.webofknowledge.com/},
	note         = {\url{https://www.webofknowledge.com/} (last accessed January 2018)}
}
@article{Zheng2017,
	author       = {Zheng, Jiaping and Yu, Hong},
	title        = {Readability formulas and user perceptions of electronic health records difficulty: a corpus study},
	year         = 2017,
	journal      = {Journal of Medical Internet Research},
	volume       = 19,
	number       = 3,
	pages        = {1--15},
	doi          = {10.2196/jmir.6962}
}
@misc{Kleven2018b,
	author       = {Kleven, Henrik Jacobsen and Scott, Dana},
	title        = {Language trends in public economics [database]},
	year         = 2018
}
